@inproceedings{AttentionIsAllYouNeed,
	title	= {Attention is All You Need},
	author	= {Ashish Vaswani and Noam Shazeer and Niki Parmar and Jakob Uszkoreit and Llion Jones and Aidan N. Gomez and Lukasz Kaiser and Illia Polosukhin},
	year	= {2017},
	URL	= {https://arxiv.org/pdf/1706.03762.pdf}
}

@inproceedings{BERT,
	title	= {BERT: Pre-training of Deep Bidirectional Transformers for Language Understanding},
	author	= {Jacob Devlin and Ming-Wei Chang and Kenton Lee and Kristina Toutanova},
	year	= {2018},
	URL	= {https://arxiv.org/pdf/1810.04805.pdf}
}
